% !TeX spellcheck = ru_RU

@article{SocNets,
    author = {Cattuto, C. and Quaggiotto, Marco and Panisson, Andre and Averbuch, A.},
    year = {2013},
    month = {06},
    pages = {},
    title = {Time-varying Social Networks in a Graph Database: A Neo4J Use Case, in First International Workshop on Graph Data Management Experiences and Systems GRADES ’13 (ACM, New York},
    volume = {1},
    journal = {USA}
}

@ARTICLE{Knowledge,
    author={Zhang, Zuopeng Justin},
    journal={IT Professional}, 
    title={Graph Databases for Knowledge Management}, 
    year={2017},
    volume={19},
    number={6},
    pages={26-32},
    keywords={Knowledge management;Technological innovation;Asset management;Graphical models;Databases;graph database;knowledge management;processes},
    doi={10.1109/MITP.2017.4241463}
}

@inproceedings{GraphDatabases,
    author = {Pokorný, Jaroslav},
    year = {2015},
    month = {09},
    pages = {58-69},
    title = {Graph Databases: Their Power and Limitations},
    volume = {9339},
    isbn = {978-3-319-24368-9},
    doi = {10.1007/978-3-319-24369-6_5}
}

@online{ChemRecEngine,
    author = {Hall RJ, Murray CW, Verdonk ML},
    title = {The Fragment Network: A Chemistry Recommendation Engine Built Using a Graph Database},
    url = {https://pubmed.ncbi.nlm.nih.gov/28712298/},
    urldate ={\DTMdate{2024-11-09}},
}

@article{FormPathReg,
    author = {Barrett, Chris and Jacob, Riko and Marathe, Madhav},
    year = {2000},
    month = {01},
    pages = {809-837},
    title = {Formal-Language-Constrained Path Problems},
    volume = {30},
    journal = {SIAM J. Comput.},
    doi = {10.1137/S0097539798337716}
}

@misc{MilleniumDB,
    author={Domagoj Vrgoc and Carlos Rojas and Renzo Angles and Marcelo Arenas and Diego Arroyuelo and Carlos Buil Aranda and Aidan Hogan and Gonzalo Navarro and Cristian Riveros and Juan Romero},
    title={MillenniumDB: A Persistent, Open-Source, Graph Database}, 
    year={2021},
    eprint={2111.01540},
    archivePrefix={arXiv},
    primaryClass={cs.DB},
    url={https://arxiv.org/abs/2111.01540}, 
}

@online{FalcorDB,
    author = {Avi Avni},
    title = {Falkor DB: Queryable Property Graph database used sparse matrices},
    url = {https://github.com/FalkorDB/FalkorDB},
    urldate ={\DTMdate{2024-11-09}},
}

@online{OldRpqVkr,
    author = {Георгий Олегович Белянин},
    title = {Оптимизация алгоритма решения задачи достижимости с ограничениями в виде регулярных языков},
    url = {https://se.math.spbu.ru/thesis/texts/Beljanin_Georgij_Olegovich_Spring_practice_2nd_year_2024_text.pdf},
    urldate ={\DTMdate{2024-11-09}},
}

@online{OldRpqCode,
    author = {Georgij Beljanin},
    title = {Реализация алгоритма достижимости с регулярными ограничениями},
    url = {https://github.com/SparseLinearAlgebra/LAGraph/tree/rpq},
    urldate ={\DTMdate{2024-11-09}},
}

@article{SuiteSparse,
    author = {Davis, Timothy A.},
    title = {Algorithm 1000: SuiteSparse:GraphBLAS: Graph Algorithms in the Language of Sparse Linear Algebra},
    year = {2019},
    issue_date = {December 2019},
    publisher = {Association for Computing Machinery},
    address = {New York, NY, USA},
    volume = {45},
    number = {4},
    issn = {0098-3500},
    url = {https://doi.org/10.1145/3322125},
    doi = {10.1145/3322125},
    journal = {ACM Trans. Math. Softw.},
    month = {dec},
    articleno = {44},
    numpages = {25},
    keywords = {GraphBLAS, Graph algorithms, sparse matrices}
}

@article{Cusp,
    author = {Hoang, Loc and Dathathri, Roshan and Gill, Gurbinder and Pingali, Keshav},
    title = {Это говно а не ссылка!!! -------- CuSP: A Customizable Streaming Edge Partitioner for Distributed Graph Analytics},
    year = {2021},
    issue_date = {July 2021},
    publisher = {Association for Computing Machinery},
    address = {New York, NY, USA},
    volume = {55},
    number = {1},
    issn = {0163-5980},
    url = {https://doi.org/10.1145/3469379.3469385},
    doi = {10.1145/3469379.3469385},
    journal = {SIGOPS Oper. Syst. Rev.},
    month = jun,
    pages = {47–60},
    numpages = {14}
}

@article{Spla,
    author = {Orachev, Egor and Karpenko, Maria and Alimov, Pavel and Grigorev, Semyon},
    year = {2022},
    month = {08},
    pages = {3743},
    title = {SPbLA: The Library of GPGPU-powered Sparse Boolean Linear Algebra Operations},
    volume = {7},
    journal = {Journal of Open Source Software},
    doi = {10.21105/joss.03743}
}

@online{CuBool,
    author = {Егор Станиславович Орачев},
    title = {Linear Boolean algebra library primitives and operations for work with sparse matrices written on the NVIDIA CUDA platform},
    url = {https://se.math.spbu.ru/thesis/texts/Orachev_Egor_Stanislavovich_Bachelor_Thesis_2020_text.pdf},
    urldate ={\DTMdate{2024-11-09}},
}

@article{wikidata,
    author = {Vrande\v{c}i\'{c}, Denny and Kr\"{o}tzsch, Markus},
    title = {Wikidata: a free collaborative knowledgebase},
    year = {2014},
    issue_date = {October 2014},
    publisher = {Association for Computing Machinery},
    address = {New York, NY, USA},
    volume = {57},
    number = {10},
    issn = {0001-0782},
    url = {https://doi.org/10.1145/2629489},
    doi = {10.1145/2629489},
    abstract = {This collaboratively edited knowledgebase provides a common source of data for Wikipedia, and everyone else.},
    journal = {Commun. ACM},
    month = {sep},
    pages = {78–85},
    numpages = {8}
}

@misc{sparse-rpq-1,
      title={Evaluating Regular Path Queries on Compressed Adjacency Matrices}, 
      author={Diego Arroyuelo and Adrián Gómez-Brandón and Gonzalo Navarro},
      year={2024},
      eprint={2307.14930},
      archivePrefix={arXiv},
      primaryClass={cs.DS}
}

@misc{rpq-article-cool,
      title={Single-Source Regular Path Querying in Terms of Linear Algebra}, 
      author={Georgiy Belyanin and Semyon Grigoriev},
      year={2024},
      eprint={2412.10287},
      archivePrefix={arXiv},
      primaryClass={cs.DS},
      url={https://arxiv.org/abs/2412.10287}, 
}

@inproceedings{Nsparse,
author = {Terekhov, Arseniy and Khoroshev, Artyom and Azimov, Rustam and Grigorev, Semyon},
title = {Context-Free Path Querying with Single-Path Semantics by Matrix Multiplication},
year = {2020},
isbn = {9781450380218},
publisher = {Association for Computing Machinery},
address = {New York, NY, USA},
url = {https://doi.org/10.1145/3398682.3399163},
doi = {10.1145/3398682.3399163},
abstract = {A recent study showed that the applicability of context-free path querying (CFPQ) algorithms with relational query semantics integrated with graph databases is limited because of low performance and high memory consumption of existing solutions. In this work, we implement a matrix-based CFPQ algorithm by using appropriate high-performance libraries for linear algebra and integrate it with RedisGraph graph database. Also, we introduce a new CFPQ algorithm with single-path query semantics that allows us to extract one found path for each pair of nodes. Finally, we provide the evaluation of our algorithms for both semantics which shows that matrix-based CFPQ implementation for Redis-Graph database is performant enough for real-world data analysis.},
booktitle = {Proceedings of the 3rd Joint International Workshop on Graph Data Management Experiences \& Systems (GRADES) and Network Data Analytics (NDA)},
articleno = {5},
numpages = {12},
keywords = {Boolean matrix, CUDA, Context-free path querying, GPGPU, RedisGraph database, context-free grammar, graph databases, linear algebra, matrix multiplication, transitive closure},
location = {Portland, OR, USA},
series = {GRADES-NDA'20}
}

@misc{PrevWork,
    author = {Дмитрий Сергеевич Козенко},
    title = {Реализация алгоритма достижимости с регулярными о граничениями на графическом ускорителе},
}